<?xml version="1.0" encoding="UTF-8"?><collection xmlns="http://www.loc.gov/MARC21/slim"><record><leader>00533nam--2200193-i-4500</leader><controlfield tag="001">000026270</controlfield><controlfield tag="002">20161230</controlfield><controlfield tag="005">20161230201036</controlfield><controlfield tag="008">060222s1000------------r-----000-0-eng-d</controlfield><datafield ind1=" " ind2=" " tag="020"><subfield code="a">008017647X</subfield></datafield><datafield ind1=" " ind2=" " tag="040"><subfield code="a">IFIN-HH</subfield></datafield><datafield ind1=" " ind2=" " tag="080"><subfield code="a">537.8</subfield></datafield><datafield ind1="1" ind2=" " tag="100"><subfield code="a">Robinson, F.N.H</subfield></datafield><datafield ind1="1" ind2="0" tag="245"><subfield code="a">Macroscopic electromagnetism</subfield><subfield code="c">F.n.h. robinson</subfield></datafield><datafield ind1=" " ind2=" " tag="260"><subfield code="a">Oxford</subfield><subfield code="b">Pergamon Press</subfield><subfield code="c">1973</subfield></datafield><datafield ind1=" " ind2=" " tag="300"><subfield code="a">246P</subfield></datafield><datafield ind1=" " ind2=" " tag="490"><subfield code="a">International Series Of Monographs In Natural Philosophy</subfield><subfield code="v">Vol. 57</subfield></datafield><datafield ind1=" " ind2=" " tag="852"><subfield code="a">42359</subfield><subfield code="c">537:538</subfield></datafield><datafield ind1=" " ind2=" " tag="CAT"><subfield code="a">Sys</subfield><subfield code="c">20110620</subfield><subfield code="h">155143</subfield></datafield></record></collection>